%  GI Projekt KSearch/SANS Quellen
%  

@article{Holm,
author = {J. Patrik Koskinen and Liisa Holm},
title = {SANS: High-throughputretrieval of protein sequences allowing 50\% mismatches},
journal = {Bioinformatics},
pages = {i438--i443},
year = 2012,
volume = {28},
}

@article{BLAST,
author = {S.F. Altschul and W. Gish and W. Miller and E.W. Myers and D.J. Lipman},
title = {Basic local alignment search tool},
journal = {J Mol Biol.},
year = 1990,
volume = {403-10},
}

@article{Water,
author = {T.F. Smith and M.S. Waterman},
title = {Identification of common melacular subsequences},
journal = {J Mol Biol.},
pages = {195--197},
year = 1981,
volume = {147},
}

@article{FASTA,
author = {T.F. Smith and M.S. Waterman},
title = {Identification of common melacular subsequences},
journal = {J Mol Biol.},
pages = {195--197},
year = 1981,
volume = {147},
}

@article{USEARCH,
author = {T.F. Smith and M.S. Waterman},
title = {Identification of common melacular subsequences},
journal = {J Mol Biol.},
pages = {195--197},
year = 1981,
volume = {147},
}

@article{gtools,
author = {todo},
title = {Genometools},
journal = {www.genometools.org},
pages = {1},
year = 1000,
volume = {1},
}
